<?xml version="1.0" encoding="UTF-8"?><collection xmlns="http://www.loc.gov/MARC21/slim"><record><leader>00461nam--2200145-i-4500</leader><controlfield tag="001">000019206</controlfield><controlfield tag="002">20161230</controlfield><controlfield tag="005">20161230201033</controlfield><controlfield tag="008">060222s1000------------r-----000-0-eng-d</controlfield><datafield ind1=" " ind2=" " tag="080"><subfield code="a">530.14</subfield></datafield><datafield ind1=" " ind2=" " tag="100"><subfield code="a">El-baz, Edgar</subfield></datafield><datafield ind1=" " ind2=" " tag="245"><subfield code="a">Traitement graphique de l algebre des moments angulaires</subfield></datafield><datafield ind1=" " ind2=" " tag="260"><subfield code="a">Paris, Masson &amp; Cie, 1968. 179 P</subfield></datafield><datafield ind1=" " ind2=" " tag="490"><subfield code="a">Collection De Monographies De Physique Publiee Sous La Direction De P.Aigrain S.A.Avec La Collabor</subfield></datafield><datafield ind1=" " ind2=" " tag="852"><subfield code="a">33321</subfield></datafield></record></collection>